<record><leader>00000cas a2200000 a 4500</leader><controlfield tag="001">12183348</controlfield><controlfield tag="008">850621d19351974kyuwr ne      0    0eng d</controlfield><datafield ind1=" " ind2=" " tag="010"><subfield code="a">sn 85052057 </subfield></datafield><datafield ind1=" " ind2=" " tag="040"><subfield code="a">KNP</subfield><subfield code="b">eng</subfield><subfield code="c">KNP</subfield><subfield code="d">NSD</subfield><subfield code="d">KNP</subfield><subfield code="d">OCL</subfield><subfield code="d">OCLCQ</subfield></datafield><datafield ind1=" " ind2=" " tag="042"><subfield code="a">msc</subfield></datafield><datafield ind1="0" ind2="4" tag="245"><subfield code="a">The Big Sandy news and the Lawrence County recorder.</subfield></datafield><datafield ind1="1" ind2="7" tag="246"><subfield code="a">Big Sandy news</subfield></datafield><datafield ind1=" " ind2=" " tag="260"><subfield code="a">Louisa, Ky. :</subfield><subfield code="b">Big Sandy Pub. Co.,</subfield><subfield code="c">1935-1974.</subfield></datafield><datafield ind1=" " ind2=" " tag="300"><subfield code="a">v. :</subfield><subfield code="b">ill.</subfield></datafield><datafield ind1=" " ind2=" " tag="310"><subfield code="a">Weekly</subfield></datafield><datafield ind1="0" ind2=" " tag="362"><subfield code="a">Vol. 51, no. 11 (Nov. 22, 1935)-v. 88, no. 50 (Apr. 25, 1974).</subfield></datafield><datafield ind1=" " ind2="4" tag="651"><subfield code="a">Louisa (Ky.)</subfield><subfield code="v">Newspapers.</subfield></datafield><datafield ind1=" " ind2="4" tag="651"><subfield code="a">Lawrence County (Ky.)</subfield><subfield code="v">Newspapers.</subfield></datafield><datafield ind1=" " ind2=" " tag="752"><subfield code="a">United States</subfield><subfield code="b">Kentucky</subfield><subfield code="c">Lawrence</subfield><subfield code="d">Louisa.</subfield></datafield><datafield ind1="0" ind2="0" tag="780"><subfield code="t">Big Sandy news-recorder</subfield><subfield code="w">(DLC)sn 85052056</subfield></datafield><datafield ind1="0" ind2="0" tag="785"><subfield code="t">Big Sandy news (Louisa, Ky. : 1974)</subfield><subfield code="x">0891-2327</subfield><subfield code="w">(DLC)sn 85052058</subfield></datafield><datafield ind1="1" ind2=" " tag="029"><subfield code="a">AU@</subfield><subfield code="b">000020380575</subfield></datafield></record>